@article{geurs,
  title={Accessibility appraisal of land-use/transport policy strategies: More than just adding up travel-time savings},
  author={Geurs, Karst and Zondag, Barry and De Jong, Gerard and de Bok, Michiel},
  journal={Transportation Research Part D: Transport and Environment},
  volume={15},
  number={7},
  pages={382--393},
  year={2010},
  publisher={Elsevier}
}

@article{melo,
  title={The productivity of transport infrastructure investment: A meta-analysis of empirical evidence},
  author={Melo, Patricia C and Graham, Daniel J and Brage-Ardao, Ruben},
  journal={Regional Science and Urban Economics},
  volume={43},
  number={5},
  pages={695--706},
  year={2013},
  publisher={Elsevier}
}

@article{laakso, 
title = {Liikennehankkeiden laajemmat taloudelliset vaikutukset - Esiselvitys},
author ={Laakso, Seppo and Koistiainen, Eeva and Metsäranta, Heikki},
journal ={Liikenneviraston tutkimuksia ja selvityksiä},
volume={38},
pages={1--68},
year={2016},
}

@article{venables2007,
  title={Evaluating urban transport improvements: cost--benefit analysis in the presence of agglomeration and income taxation},
  author={Venables, Anthony J},
  journal={Journal of Transport Economics and Policy (JTEP)},
  volume={41},
  number={2},
  pages={173--188},
  year={2007},
  publisher={Journal of Transport Economics and Policy}
}

@article{venables2017,
  title={Incorporating wider economic impacts within cost-benefit appraisal},
  author={Venables, Anthony J},
  journal={ITF Roundtable Reports Quantifying the Socio-economic Benefits of Transport},
  pages={109},
  year={2017},
  publisher={OECD Publishing}
}

@misc{liikenne,
  title = {Liikenneväylien hankearviointi},
  author={Liikennevirasto},
  howpublished = {\url{https://www.liikennevirasto.fi/hankeprosessi/vaikutusten-arviointi/liikennevaylat#.WhKdoktx1E6}},
  year={2017},
  note = {Accessed: 2017-11-20}
}

@misc{hsl,
  title = {Maankäyttö,liikenne ja asuntojen hinnat},
  author={Laakso, Seppo},
  howpublished = {\url{https://www.hsl.fi/sites/default/files/uploads/mal_tal_vaik_raportti_sl_2015_05_v2.pdf}},
  year={2015},
  note = {Accessed: 2017-12-13}
}

@misc{hesy,
  title = {Helsingin seudun yksilömallien päivitys ja testaus},
  author={HSL, Helsingin seudun liikenne},
  howpublished = {\url{https://www.hsl.fi/sites/default/files/helsingin_seudun_yksilomallien_paivitys_ja_testaus_23_2016.pdf}},
  year={2016},
  note = {Accessed: 2018-09-23}
}

@misc{helmet,
  title = {Helsingin seudun työssäkäyntialueen liikenne-ennustemallit 2010 },
  author={HSL, Helsingin seudun liikenne},
  howpublished = {\url{https://www.hsl.fi/sites/default/files/uploads/33_2011_helmet.pdf}},
  year={2011},
  note = {Accessed: 2018-09-23}
}

@techreport{andersson,
  title={Wider economic impacts of accessibility: a literature survey},
  author={Andersson, Matts and Dehlin, Fredrik and J{\"o}rgensen, Peter and P{\"a}dam, Sirje and others},
  year={2015},
  institution={CTS-Centre for Transport Studies Stockholm (KTH and VTI)}
}

@article{mackie,
  title={The direct and wider impacts of transport projects: a review},
  author={Mackie, Peter and Graham, Daniel and Laird, James and others},
  journal={Chapters},
  year={2011},
  publisher={Edward Elgar Publishing}
}

@book{marshall,
  title={Principles of economics},
  author={Marshall, Alfred},
  year={1890},
  publisher={London, Macmillan}
}

@article{pilegaard,
  title={Cost benefit analysis of a transport improvement in the case of search unemployment},
  author={Pilegaard, Ninette and Fosgerau, Mogens},
  journal={Journal of Transport Economics and Policy (JTEP)},
  volume={42},
  number={1},
  pages={23--42},
  year={2008},
  publisher={Journal of Transport Economics and Policy}
}

@book{small,
  title={Project evaluation},
  author={Small, Kenneth A and others},
  volume={97},
  number={7},
  year={1997},
  publisher={Institute of Transportation Studies, University of California, Irvine}
}

@techreport{goebel,
title={Vaikutusten arvioinnin kehittäminen},
author={Goebel, Anton},
year={2016},
institution={Liikennevirasto}
}

@article{brueckner,
  title={The structure of urban equilibria: A unified treatment of the Muth-Mills model},
  author={Brueckner, Jan K},
  journal={Handbook of regional and urban economics},
  volume={2},
  pages={821--845},
  year={1987},
  publisher={Elsevier}
}

@article{alonso,
  title={Location and land use. Toward a general theory of land rent.},
  author={Alonso, William and others},
  journal={Location and land use. Toward a general theory of land rent.},
  year={1964},
  publisher={Cambridge, Mass.: Harvard Univ. Pr.}
}

@article{mills,
  title={An aggregative model of resource allocation in a metropolitan area},
  author={Mills, Edwin S},
  journal={The American Economic Review},
  volume={57},
  number={2},
  pages={197--210},
  year={1967},
  publisher={JSTOR}
}

@article{muth,
  title={CITIES AND HOUSING; THE SPATIAL PATTERN OF URBAN RESIDENTIAL LAND USE.},
  author={Muth, Richard F},
  year={1969}
}

@article{mcmillen,
  title={The number of subcenters in large urban areas},
  author={McMillen, Daniel P and Smith, Stefani C},
  journal={Journal of urban economics},
  volume={53},
  number={3},
  pages={321--338},
  year={2003},
  publisher={Elsevier}
}

@article{fujita,
  title={Multiple equilibria and structural transition of non-monocentric urban configurations},
  author={Fujita, Masahisa and Ogawa, Hideaki},
  journal={Regional science and urban economics},
  volume={12},
  number={2},
  pages={161--196},
  year={1982},
  publisher={Elsevier}
}

@article{rosenthal,
  title={Evidence on the nature and sources of agglomeration economies},
  author={Rosenthal, Stuart S and Strange, William C},
  journal={Handbook of regional and urban economics},
  volume={4},
  pages={2119--2171},
  year={2004},
  publisher={Elsevier}
}

@article{evers,
  title={What explains the variation in estimates of labour supply elasticities?},
  author={Evers, Michiel and De Mooij, Ruud A and Van Vuuren, Daniel J},
  year={2005}
}

@article{van,
  title={Are workers with a long commute less productive? An empirical analysis of absenteeism},
  author={Van Ommeren, Jos N and Guti{\'e}rrez-i-Puigarnau, Eva},
  journal={Regional Science and Urban Economics},
  volume={41},
  number={1},
  pages={1--8},
  year={2011},
  publisher={Elsevier}
}

@article{guti,
  title={Labour supply and commuting},
  author={Guti{\'e}rrez-i-Puigarnau, Eva and van Ommeren, Jos N},
  journal={Journal of Urban Economics},
  volume={68},
  number={1},
  pages={82--89},
  year={2010},
  publisher={Elsevier}
}

@book{oosterhaven,
  title={Interregional input-output analysis and Dutch regional policy problems},
  author={Oosterhaven, Jan},
  year={1981},
  publisher={Gower Aldershot}
}

@article{logsum,
  title={The logsum as an evaluation measure: review of the literature and new results},
  author={De Jong, Gerard and Daly, Andrew and Pieters, Marits and Van der Hoorn, Toon},
  journal={Transportation Research Part A: Policy and Practice},
  volume={41},
  number={9},
  pages={874--889},
  year={2007},
  publisher={Elsevier}
}

@book{train,
  title={Discrete choice methods with simulation},
  author={Train, Kenneth E},
  year={2009},
  publisher={Cambridge university press}
}

@article{lakshman
  title={The broader economic consequences of transport infrastructure investments},
  author={Lakshmanan, Tiruvarur R},
  journal={Journal of transport geography},
  volume={19},
  number={1},
  pages={1--12},
  year={2011},
  publisher={Elsevier}
}







